2842 3654
305 248 1268 302 Styrelsebärättelse
1318 259 1481 308 för
1532 264 1799 312 Löths
1853 266 2654 328 lokalavdelning.

275 381 391 426 av
449 381 916 437 Upplands
973 394 2137 447 lantarbetareförbund,
2195 400 2430 448 över

237 521 954 575 avdelningens
1014 528 1611 578 verksamhet
1670 531 1970 578 under
2028 532 2149 580 år
2207 536 2448 587 1924

246 656 903 711 avdelningen
960 662 1142 710 har
1201 663 1560 710 hållit
1619 666 1739 714 17
1798 668 2337 717 ordinarie
2393 671 2696 728 möten

219 788 476 842 samt
539 799 606 847 2
666 798 1051 852 exstra
1113 802 1498 850 möten,
1561 803 1753 853 har
1817 803 2072 851 haft
2135 800 2328 848 ett
2392 799 2711 850 stort

208 924 520 975 antal
581 932 1203 981 agitasjons
1263 933 1825 982 patruller
1886 935 2135 984 ute,
2197 934 2447 981 både
2508 937 2760 989 inom

237 1057 426 1111 och
452 1065 731 1112 utom
793 1065 1541 1117 avdelningens
1603 1064 2729 1116 verksamhetsområde,

235 1199 1437 1252 Medlemmarnasantal
1506 1202 1719 1252 vid
1789 1199 2143 1248 årets
2213 1197 2643 1258 början

223 1332 417 1382 var
477 1341 604 1390 22
667 1336 859 1389 st.
921 1338 1112 1386 och
1175 1339 1366 1385 vid
1429 1337 1746 1386 årets
1810 1337 2064 1385 slut
2126 1334 2254 1382 33
2316 1330 2512 1382 st.

208 1469 973 1519 Avdelningens
1037 1470 1355 1515 kassa
1418 1468 1611 1516 vid
1674 1471 1930 1517 1924
1992 1472 2184 1519 års
2247 1470 2631 1519 början

216 1602 428 1650 var
489 1605 565 1653 4
635 1606 845 1653 öre
914 1605 1125 1654 och
1192 1605 1404 1653 vid
1473 1607 1823 1655 samma
1893 1600 2384 1655 årsslut

233 1739 361 1786 64
423 1742 550 1789 kr
611 1738 740 1789 43
801 1737 1056 1787 öre.
1117 1738 1814 1788 Avdelningen
1868 1738 2067 1785 har
2129 1737 2383 1784 haft
2446 1739 2642 1795 ett

269 1868 835 1922 Kretsmöle
897 1871 1213 1920 under
1273 1872 1589 1922 året,
1652 1869 2030 1918 varvid
2092 1864 2787 1917 avdelningen

245 2009 815 2057 annornade
878 2003 1954 2056 haffeförseljning,
2015 2005 2206 2052 som
2267 1996 2774 2049 inbringa

225 2147 395 2195 10.
451 2150 564 2196 kr
619 2148 677 2194 å
732 2146 790 2192 6
845 2145 1071 2197 öre.
1126 2141 1240 2190 En
1291 2140 1804 2192 frivillig
1857 2139 2365 2190 insamling
2420 2133 2650 2182 till

203 2279 352 2327 en
424 2274 1091 2330 behövande
1161 2270 1608 2322 Kamrat
1681 2267 1904 2315 vid
1977 2268 2347 2316 Sörby

209 2403 665 2463 omkring
729 2413 861 2462 20
924 2406 1055 2453 kr
1119 2405 1315 2455 som
1380 2405 1640 2455 ännu
1704 2403 1835 2449 ej
1890 2399 2095 2448 hur
2158 2398 2618 2451 erkänts

242 2535 362 2588 En
419 2546 772 2594 exstra
828 2537 1478 2592 uttagsering
1536 2537 1772 2584 till
1830 2536 2301 2584 Kretsens
2359 2533 2772 2586 standar

211 2677 285 2724 á
352 2685 567 2733 250
635 2681 851 2729 per
921 2678 1420 2729 medlem,
1489 2672 2273 2725 Avdelningen
2344 2670 2562 2723 har

199 2817 462 2862 haft
528 2813 726 2862 ett
791 2815 989 2861 par
1054 2806 1779 2861 strejkungar
1845 2803 2175 2850 under
2240 2797 2511 2850 året

210 2950 415 2997 som
481 2951 755 2999 gick
822 2947 1164 2994 raskt
1230 2942 1573 2989 undan
1639 2935 2254 2989 Styrelsen
2322 2933 2687 2985 anser

190 3080 390 3132 nu,
455 3084 655 3134 att
721 3078 923 3127 vad
987 3082 1120 3129 på
1185 3075 1386 3125 den
1451 3068 1984 3120 bekommer
2050 3065 2316 3116 gent
2382 3062 2651 3112 enot

177 3214 464 3262 Lötts
519 3209 1148 3262 avdelningan
1204 3204 1376 3253 har
1433 3200 1662 3249 jort
1718 3196 1948 3243 sitt
2005 3196 2290 3242 allra
2348 3197 2635 3247 bestå

410 3349 673 3402 Löth
738 3346 935 3393 den
1000 3342 1066 3390 4
1129 3336 1590 3386 Januari
1655 3333 1918 3381 1925

165 3477 486 3527 Einar
548 3463 1119 3530 Björklund
1179 3448 1309 3503 H.
1370 3439 1942 3490 Johansson
2004 3437 2070 3484 A
2130 3427 2579 3478 Karlson

2025 3518 2360 3577 kasör

1264 3543 1567 3591 Ordf

285 3555 612 3610 sekrt.
