3674 5786
966 296 1194 348 8f.

902 415 1624 476 Styrelsens

1042 1135 1584 1193 Arbetet
1660 1139 2048 1190 under
2123 1141 2433 1195 1941
2509 1143 2741 1197 har
2816 1141 3440 1207 präglats

694 1281 842 1336 av
913 1279 1199 1336 lugn
1269 1289 1485 1337 och
1555 1288 2128 1340 arbetaro
2198 1289 2414 1346 för
2482 1294 3200 1346 styrelsen,
3269 1294 3490 1347 en.

684 1419 980 1478 dast
1050 1425 1125 1472 å
1196 1427 1270 1473 2
1342 1426 1635 1481 fall
1701 1435 1925 1484 har
1997 1434 2653 1485 Styrelsen
2723 1430 3164 1481 behövt
3234 1423 3526 1486 del-

655 1569 944 1620 taga
1015 1573 1086 1618 i
1157 1569 1729 1619 tvisters
1798 1577 2510 1632 avgörande:

969 1713 1186 1767 Det
1256 1713 1472 1766 ena
1543 1713 1975 1768 gäller
2043 1717 2402 1768 Valby
2473 1717 2760 1768 gård
2831 1718 2903 1764 i
2973 1707 3263 1761 Löt,
3331 1718 3548 1768 där

674 1854 813 1900 en
878 1859 1291 1909 medlem
1359 1859 1497 1906 ej
1563 1859 1839 1915 fått
1904 1856 2594 1909 ersättning
2660 1864 2867 1911 för
2934 1857 3622 1912 utfordring

654 1995 806 2044 av
879 1998 1483 2053 hästarna
1556 2011 1707 2060 på
1781 2007 2083 2060 egen
2157 2005 2383 2054 tid
2458 2002 2910 2053 vilket
2984 1999 3513 2055 avtalet

625 2140 1522 2198 föreskriver,
1597 2147 1820 2195 men
1894 2147 2266 2194 innan
2339 2146 2712 2200 saken
2785 2141 3381 2197 anmäldes

611 2287 912 2342 hade
986 2287 1961 2338 arbetsgivaren
2034 2287 2338 2337 fått
2390 2284 2858 2344 kvitto
2930 2290 3155 2336 som
3229 2289 3605 2343 säger

645 2416 869 2477 att
934 2430 1601 2478 arbetaren
1673 2420 1974 2473 fått
2026 2423 2338 2479 allt
2407 2425 2631 2481 vad
2703 2429 2925 2477 han
2998 2422 3368 2477 skall

698 2574 842 2626 ha
913 2571 1125 2622 för
1196 2566 2399 2620 anställningsåret,
2467 2573 2611 2626 så
2681 2567 2893 2626 det
2962 2564 3247 2620 gick
3315 2575 3459 2622 ej

711 2699 965 2769 att
1040 2716 1204 2766 få
1279 2717 1690 2769 någon
1770 2717 2502 2774 rättelse.
2581 2716 2825 2761 Det
2901 2708 3313 2761 andra

3427 2769 3479 2816 O.

686 2852 1138 2915 fallet
1210 2853 1660 2909 gäller
1735 2860 1885 2907 en
1958 2857 2183 2908 hos
2254 2853 2559 2904 Hago
2628 2849 3080 2908 Alsson
3154 2854 3229 2901 i
3302 2857 3602 2905 Hära

658 2999 1246 3051 anställd
1317 3005 1684 3053 dräng
1757 2999 1977 3051 som
2049 2993 2489 3045 blivit
2560 2992 3075 3047 uppsagd
3147 2981 3441 3040 till

657 3146 1370 3199 avflyttning
1434 3148 1629 3197 11,
1679 3143 2015 3198 1942,
2077 3141 2404 3193 detta
2467 3141 2727 3190 fall
2787 3139 2920 3191 är
2984 3138 3179 3185 för
3243 3134 3507 3187 när-

671 3293 1142 3345 varande
1204 3289 1545 3339 under
1605 3286 2281 3339 förbundets
2345 3287 2947 3341 prövning,
3012 3273 3550 3334 anställ-

672 3436 1160 3488 ningen
1237 3433 1402 3486 är
1482 3428 1727 3476 mot
1806 3427 2777 3483 månadspening
2858 3421 3263 3477 någon
3343 3407 3588 3471 tid

2121 3563 2427 3617 Avd.
2501 3560 2730 3612 har
2804 3562 3182 3609 under
3254 3545 3559 3608 året

689 3573 854 3629 är
932 3568 1095 3617 ej
1170 3573 1809 3627 bestämd.

693 3710 1118 3774 hållit
1185 3719 1326 3768 10
1394 3712 2026 3764 ordinarie
2093 3708 2934 3765 månadsmöten,
3002 3702 3633 3755 Styrelsen

731 3868 811 3918 3
885 3862 1881 3914 sammanträden,
1956 3855 2799 3910 avdelningen
2875 3854 3105 3903 har
3180 3835 3565 3897 varit

730 4001 1673 4061 representerad,
1740 4004 1808 4049 å
1875 3997 2614 4052 Distriktets
2681 3991 3487 4046 årskonferens

752 4152 1045 4205 samt
1118 4141 2279 4198 avtalskonferens.
2330 4136 2932 4187 kassören
3004 4137 3222 4184 har
3294 4121 3585 4181 del.

698 4291 1055 4340 tagit
1123 4294 1196 4341 i
1266 4292 1480 4341 den
1551 4288 1693 4340 av
1762 4278 2403 4340 förbundet
2473 4280 3113 4331 anordnade
3183 4274 3539 4328 kurs-

703 4434 847 4483 en
918 4436 1132 4485 för
1201 4426 1848 4483 kassörer,
1910 4425 2198 4491 samt
2266 4422 3198 4477 stadieledaren
3262 4431 3339 4480 i

789 4575 1545 4630 Distriktets
1611 4564 2988 4617 studieledarkonferens

812 4720 1145 4767 Under
1211 4717 1477 4769 året
1543 4716 1743 4762 har
1809 4714 1877 4760 i
1941 4710 2208 4762 avd.
2273 4705 2941 4758 inskrivits
3005 4709 3139 4756 1e
3205 4705 3405 4754 nya

810 4868 1486 4920 medlemmar,
1552 4869 1687 4918 11
1754 4864 2225 4914 stycken
2292 4863 2494 4913 har
2560 4851 3099 4909 flyttats
3164 4837 3435 4891 till

1702 5007 1771 5055 1
1837 5006 2037 5056 har
2094 5000 2765 5055 inflyttats
2832 4999 3098 5045 från
3165 4993 3500 5045 andra

798 5014 1174 5067 andra
1245 5009 1546 5062 avd:

829 5154 1098 5207 avd.
1160 5156 1228 5204 4
1294 5153 1492 5201 st.
1558 5155 1758 5204 har
1821 5144 2353 5196 strukits
2418 5144 2551 5193 ur
2616 5133 2883 5188 avd.
2947 5136 3016 5184 o
3046 5128 3543 5185 förbund

802 5290 1070 5344 samt
1135 5293 1202 5340 1
1266 5288 1863 5342 överförts
1929 5284 2195 5332 till
2260 5286 3123 5336 Träarbetarna.

1760 424 2429 480 berätteln
2502 424 2801 479 över
2870 430 3172 484 1942
3245 428 3487 485 års

1670 432 1740 477 U

1661 575 2428 630 verksamhet
