2851 3649
195 231 634 297 Prottskell
676 234 854 283 fört
896 236 984 282 av
1028 235 1555 289 undertäcknad
1599 244 1731 290 vid
1774 245 1950 295 Avd.
1993 246 2302 297 Årsmöte

91 369 474 439 söndagen
521 371 665 420 den
710 372 807 422 10
854 370 997 422 Jan
1045 377 1284 427 1926.

75 516 294 572 Mötel
337 507 682 560 öppnades
725 507 814 554 av
854 512 1072 565 ordf.
1112 519 1244 567 kl.
1286 521 1374 569 12
1416 524 1589 573 m.m.
1631 522 1675 568 s
1717 519 1805 565 om
1847 518 2152 571 hälsade
2192 527 2280 574 de
2322 518 2755 571 närvarande

66 642 459 703 vålkomna
508 638 655 687 ock
703 638 1192 694 förklarate
1240 648 1485 696 mötet
1533 647 1831 696 öppnat

87 799 184 848 ()
226 777 804 842 Dagordningen
851 777 1283 827 upplästes
1330 782 1474 830 och
1521 780 1953 830 godkänder

45 929 145 983 2)
191 914 669 971 Föregående
716 915 1003 962 mötets
1049 918 1527 965 prottokoll
1573 917 2003 967 upplästes
2050 921 2194 970 och
2238 912 2670 971 godkändes

43 1058 137 1109 3)
179 1053 640 1103 Rapporter,
684 1055 776 1102 K.
820 1050 1051 1099 Melin
1095 1051 1463 1099 framlade
1506 1056 1827 1108 rapport
1871 1053 2056 1102 från
2100 1054 2611 1104 Agitations-

69 1193 470 1249 patrullns
513 1189 957 1237 värksamhet
999 1185 1134 1236 vid
1177 1183 1444 1239 Tänöö.
1486 1186 2019 1241 resultatatet
2062 1188 2328 1235 visade
2371 1184 2505 1234 sig

56 1328 260 1383 vara
310 1325 511 1373 lika
559 1326 710 1373 med
759 1327 860 1374 O.
906 1324 1358 1376 rapporten
1406 1320 1857 1369 godkändes
1907 1324 2007 1370 av
2056 1318 2306 1368 mötet

66 1456 849 1506 Revisjonsberättelen
887 1455 1013 1504 för
1053 1456 1301 1503 fjärde
1341 1452 1712 1500 kvartalet
1753 1455 1836 1502 år
1876 1456 2041 1503 1925
2080 1450 2453 1501 upplästes
2494 1448 2579 1495 av

79 1591 178 1644 L.
207 1597 462 1646 Molin
508 1590 797 1643 vilket
844 1589 941 1635 av
988 1592 1227 1640 mötet
1274 1589 1756 1642 godkändes,
1796 1591 2088 1645 varvid
2135 1587 2328 1636 full
2375 1589 2522 1638 ock

96 1729 430 1780 tacksom
477 1732 1099 1781 ansvarsfrihet
1144 1720 1623 1776 beviljades
1670 1724 1814 1771 den
1861 1722 2244 1771 avgående
2290 1722 2726 1774 styrelsen

66 1863 489 1912 Styrelsen
535 1858 1147 1910 årsberättelse
1191 1856 1615 1912 upplästes
1662 1855 1758 1902 av
1802 1855 2038 1903 ordf.
2084 1853 2226 1902 ock
2271 1847 2460 1896 hede
2507 1846 2749 1905 denna

84 2000 433 2050 följande
464 1997 824 2046 lydelse.

63 2131 624 2180 Årsberättelse
666 2134 796 2181 för
838 2132 925 2177 år
967 2129 1141 2177 1925
1183 2129 1312 2176 för
1355 2125 1528 2173 avd.
1570 2125 1657 2171 No
1699 2122 1786 2169 16
1828 2118 2002 2166 Löht
2044 2117 2131 2163 av
2174 2115 2738 2174 UplandsL.U.F.

52 2269 230 2317 Avd.
275 2270 409 2316 har
453 2269 676 2317 under
720 2268 899 2315 året
940 2260 1211 2312 hållit
1255 2261 1345 2306 10
1389 2257 1746 2308 ordinare
1788 2250 2013 2305 möten
2057 2250 2191 2296 ock
2235 2252 2280 2297 5
2324 2248 2551 2298 extra

42 2405 335 2462 möten.
383 2397 1060 2453 Medlemsantalet
1108 2398 1254 2443 var
1301 2396 1447 2442 vid
1494 2386 1737 2440 årets
1783 2381 2075 2429 början
2123 2381 2220 2428 33
2268 2379 2665 2429 godkända

38 2542 523 2595 medlemmar
576 2543 737 2590 och
790 2538 951 2589 vid
1003 2531 1272 2579 årets
1325 2526 1539 2577 slut
1592 2523 1700 2573 22
1752 2510 2126 2569 kassans
2180 2510 2716 2561 behållning

44 2675 367 2727 utgorde
413 2674 551 2720 vid
597 2671 827 2720 årets
872 2667 1150 2715 början
1195 2667 1425 2715 64.73
1469 2659 1609 2709 och
1654 2656 1793 2703 vid
1838 2654 2023 2701 dess
2068 2648 2299 2702 slut.
2342 2645 2575 2698 32.86

54 2808 245 2855 Avd.
293 2807 438 2857 har
484 2812 724 2859 under
770 2803 963 2855 året
1010 2797 1298 2846 hållit
1345 2795 1489 2842 ett
1536 2790 2015 2840 kretsmöte.
2063 2787 2255 2835 Avd.
2300 2782 2446 2829 har
2493 2785 2543 2832 i

73 2937 373 2992 likhet
423 2945 573 2992 med
622 2939 922 2989 övriga
970 2930 1521 2982 avdelningar
1569 2925 1770 2976 inom
1819 2922 2120 2970 Upland
2167 2915 2621 2964 Södertörn

58 3075 267 3122 haft
319 3075 476 3120 ett
528 3074 894 3123 utkämpa
945 3073 1050 3122 en
1102 3067 1363 3117 strid
1415 3065 1520 3111 på
1572 3056 1833 3111 grund
1884 3052 1989 3099 av
2041 3034 2722 3097 arbetsgivarns

61 3210 660 3258 hårdnackade
712 3202 1148 3260 motstånd
1202 3199 1365 3246 att
1419 3188 1802 3244 medjiva
1835 3186 2124 3239 några
2177 3179 2341 3229 som
2394 3170 2671 3223 helst

60 3348 587 3397 förbättrade
633 3341 1208 3394 lönevillkor.
1254 3332 1591 3387 Seperat
1637 3318 2117 3375 uppgörelse
2164 3312 2595 3364 triffades
