2925 3654
279 248 513 300 Avd
589 244 1670 297 medlemsnumerar
1745 245 1977 296 som
2053 243 2285 303 vid
2362 258 2752 321 årets

276 384 707 435 börgan
776 383 921 431 26
991 378 1562 433 fullgoda
1632 383 2275 438 medlemmar
2345 394 2560 444 och
2630 400 2844 461 vid

320 449 359 495 o

273 521 657 569 årets
733 522 1041 569 slut
1106 516 1268 571 24
1345 517 1804 570 alltså
1880 524 2034 571 en
2109 521 2807 583 minskning

279 653 443 701 av
521 652 606 701 2
686 652 1417 704 medlemmar
1496 655 1741 704 Avd
1823 653 2231 705 kassa
2306 661 2554 711 var
2634 668 2880 724 vid

272 789 686 839 årets
761 784 1263 835 börgan
1345 786 1594 837 145

1627 782 1850 840 kr.
1923 797 1998 843 7
2065 796 2298 849 öre

261 925 482 976 och
548 926 773 973 vid
842 923 1215 973 årets
1283 926 1579 975 slut
1652 926 1873 977 249
1946 928 2169 977 kr.
2239 935 2387 982 32
2426 930 2684 994 öre

248 1057 691 1112 alltså
764 1061 911 1108 en
983 1060 1425 1106 ökning
1493 1061 1643 1112 av
1715 1056 1935 1113 104
2002 1061 2154 1113 kr
2226 1062 2377 1110 25
2428 1074 2743 1137 öre.

262 1192 492 1249 Avd
564 1193 792 1243 har
866 1198 1243 1247 under
1314 1193 1617 1249 året
1692 1192 1993 1242 haft
2068 1196 2144 1243 2
2217 1200 2596 1254 besök
2666 1209 2821 1261 av

271 1330 1235 1384 ombudsmannen
1313 1333 1794 1383 första
1873 1335 2356 1383 gången
2429 1339 2913 1390 gällde

283 1466 618 1516 hans
701 1467 1122 1515 besök
1205 1466 2379 1522 huvudsakligast
2462 1470 2811 1523 Länö

273 1598 713 1650 gård,
794 1587 1059 1649 han
1141 1603 1667 1654 bedrev
1754 1603 1929 1653 då
2015 1603 2716 1664 agitalan

277 1731 1008 1785 därstädes
1084 1736 1332 1786 med
1413 1740 2062 1792 resultat
2142 1741 2305 1791 av
2386 1739 2550 1792 en
2629 1749 2877 1807 nyr

253 1868 757 1916 medlem
840 1866 1261 1920 andra
1344 1873 1849 1925 gången
1932 1872 2520 1927 besökte
2604 1871 2862 1918 han

256 2000 522 2053 avd
608 2004 1315 2053 ordinare
1393 2007 1749 2055 möte
1829 2010 2101 2058 och
2186 2008 2542 2058 höll
2629 2005 2807 2053 då

264 2138 494 2185 ett
567 2136 1023 2187 ganska
1098 2137 1704 2193 kraftigt
1779 2146 2007 2194 och
2082 2142 2917 2195 medryckande

276 2272 940 2325 föridrag
1023 2271 1272 2318 Avd
1351 2267 1604 2321 har
1685 2280 2100 2328 under
2182 2277 2847 2328 sommaren

303 2410 1023 2470 gemensamt
1102 2408 1343 2459 med
1420 2409 1983 2462 Hacksta
2062 2413 2302 2463 avd
2381 2407 2863 2457 hållit

1401 2519 1973 2594 Grillby,
2043 2545 2474 2597 vilkea
2545 2538 2833 2589 till

292 2540 483 2589 en
572 2540 949 2594 fist
1033 2544 1323 2595 vid

252 2678 498 2727 avd
579 2678 1398 2728 inbringade
1478 2679 1645 2730 en
1720 2680 2135 2729 vinst
2216 2684 2380 2731 av
2460 2681 2625 2732 81
2707 2678 2871 2725 kr

665 2791 853 2849 77
943 2804 1227 2862 öre

289 2802 639 2853 och

304 2909 632 2989 Från
713 2946 1614 2998 krotsfesten
1696 2952 1945 3002 vid
2015 2952 2514 3009 Sundby
2592 2941 2925 2997 fick

294 3079 563 3128 avd
650 3074 1275 3138 måttaga
1364 3086 1543 3134 en
1632 3090 2080 3140 summa
2165 3090 2347 3143 av
2435 3083 2615 3134 30
2703 3081 2883 3130 kr

440 3208 521 3259 9
597 3208 829 3260 öre
901 3212 1137 3263 Avd
1205 3214 1443 3265 har
1519 3216 1828 3266 inom
1902 3212 2211 3269 sitt
2287 3209 2905 3268 bedrivit

305 3214 437 3263 59

292 3340 607 3391 helt
685 3344 1078 3397 liten
1157 3351 1867 3403 agitatan,
1941 3356 2180 3407 och
2257 3333 2888 3403 medgans-
