3551 4535
496 985 1097 1037 Styrelsens
1156 977 1939 1035 årsberättelse
1998 989 2178 1035 för
2238 988 2359 1034 år
2418 980 2664 1032 1198

187 1137 389 1188 för
456 1137 658 1184 avd
724 1135 860 1181 No
925 1131 1063 1180 16
1128 1135 1330 1182 Löt
1396 1133 1532 1182 av
1598 1129 2137 1179 Upplands
2204 1130 3481 1183 Lantarbetarförbund.

533 1417 739 1472 Avd
806 1417 1013 1466 har
1077 1417 1420 1471 under
1485 1415 1757 1470 året
1822 1409 2231 1464 hållit
2297 1409 2436 1464 12
2502 1414 3115 1468 ordivarie

146 1562 513 1623 möten
585 1563 804 1612 och
877 1562 1095 1612 ett
1168 1561 1532 1610 exkra
1605 1557 1896 1609 möte
1967 1558 2259 1609 samt
2332 1559 2551 1609 ett
2623 1552 3356 1611 kretsmöte.

125 1708 557 1763 mötena
629 1708 916 1758 hava
987 1707 1418 1760 alltid
1489 1702 1849 1751 varit
1917 1699 2278 1749 klent
2350 1701 2852 1748 besökta
2924 1691 3355 1749 varför

167 1851 1051 1902 diskusikonerna
1114 1852 1492 1901 alltid
1553 1848 1806 1895 hava
1869 1845 2184 1893 varit
2247 1844 2625 1893 svaga,
2686 1834 3255 1888 därförfvi

146 1995 546 2043 hoppas
612 1999 745 2045 på
812 1996 1012 2044 ett
1078 1991 1477 2042 bettre
1544 1986 2077 2039 resultat
2142 1988 2475 2038 1922.
2542 1985 2743 2038 Avd
2806 1969 3340 2034 medlems-

116 2134 669 2187 -numeres
737 2141 945 2189 var
1012 2140 1220 2186 vid
1289 2136 1634 2185 årets
1703 2135 2117 2182 burjan
2185 2130 2325 2177 35
2392 2131 2600 2178 och
2668 2128 2876 2177 vid
2944 2123 3290 2174 årets

167 2278 461 2336 slut
533 2270 681 2320 31
752 2274 1193 2325 alltså
1266 2277 1413 2323 en
1486 2271 2002 2322 ölkning
2069 2273 2220 2327 av
2292 2274 2366 2320 6
2439 2268 3175 2322 medlemmar.

194 2423 415 2476 Avd
487 2418 710 2466 har
782 2420 1151 2469 under
1224 2409 1518 2466 året
1584 2409 1884 2457 haft
1956 2409 2326 2460 besök
2399 2413 2547 2461 av
2617 2394 3513 2453 ombudsmannen

201 2572 343 2624 på
412 2562 1106 2619 kretsmötet
1174 2558 1245 2605 i
1311 2546 1798 2607 Grillby
1863 2539 2072 2597 för
2142 2552 2627 2601 höstens
2695 2539 3251 2599 riksdas-

199 2709 866 2760 mannaval.
939 2705 1162 2754 Avd
1235 2702 1458 2752 har
1532 2700 1902 2749 under
1976 2697 2495 2747 sonnarm
2568 2691 2865 2742 haft
2937 2688 3162 2736 två

182 2844 626 2906 fester
699 2850 1142 2900 förstå
1214 2846 1658 2896 festen
1732 2837 2470 2891 inbringade
2544 2838 2692 2885 en
2765 2809 3282 2880 inkomst

160 3006 307 3054 av
379 2997 601 3048 114
674 2996 821 3043 kr
894 2992 1115 3042 och
1188 2990 1336 3036 47
1409 2984 1629 3037 öre
1702 2981 2070 3032 andra
2143 2981 2585 3029 fästen
2657 2966 3319 3030 gemensamt

155 3149 391 3204 vid
467 3142 942 3193 Hacksa
1018 3140 1256 3191 avd
1333 3132 1570 3182 och
1648 3124 2436 3178 inbringade
2513 3126 2671 3175 un
2745 3095 3299 3172 inkomst

128 3289 265 3338 av
330 3281 468 3330 48
536 3281 740 3329 kr.
807 3279 1012 3329 och
1079 3276 1215 3323 33
1283 3274 1555 3325 öre.
1621 3268 2234 3319 Agitaskan
2298 3263 2505 3315 har
2572 3262 2844 3309 inom
2911 3258 3116 3308 avd

190 3426 815 3484 bedrivits
884 3423 1092 3474 ved
1161 3413 1578 3468 ganska
1646 3409 1924 3462 gott
1993 3407 2548 3462 resultat
2617 3407 2826 3457 men
2894 3407 3173 3457 ernu
3240 3404 3453 3454 stå

182 3569 573 3624 manga
650 3555 1662 3613 oorganiserade
1738 3550 2284 3605 utanför
2360 3546 2672 3605 våra
2747 3550 3061 3600 led.

250 3702 902 3762 förbundet
973 3702 1192 3752 har
1262 3703 1626 3755 under
1698 3697 1987 3749 året
2059 3692 2422 3744 lidit
2494 3694 2639 3741 en
2711 3688 3001 3739 svår

248 3851 774 3905 förlust
848 3858 923 3904 i
995 3846 1224 3904 det
1296 3844 1522 3897 att
1597 3844 1822 3891 vår
1890 3834 2496 3889 avhållne
2569 3831 3022 3886 ledare
3091 3829 3320 3882 och

197 3983 1631 4052 förbuundsordförande
1705 3981 2083 4030 Oskar
2158 3974 2839 4026 Sjölander
2911 3955 3291 4025 avgåt

169 4150 424 4204 med
508 4137 934 4191 döden
1017 4139 1273 4189 och
1356 4119 1867 4180 lämnat
1950 4114 2205 4177 ett
2288 4110 2716 4177 stort
2799 4112 3395 4165 tomerum

3358 2945 3397 2995 L

3329 2952 3360 3000 L
