3665 5768
456 393 1117 460 Berättelse
1181 415 1445 462 över
1509 411 1709 461 Avd
1773 415 1905 463 16
1969 416 2300 473 Lösts
2364 426 3022 480 verksamhet
3086 421 3420 475 tiden

335 551 596 602 från
660 558 853 608 den
917 561 1111 610 1/1
1174 558 1434 610 till
1494 565 1690 613 och
1754 567 1948 614 med
2011 564 2336 620 31/12
2397 575 2720 634 1932.

336 847 552 895 Avd
624 847 841 895 har
913 848 1275 896 under
1346 852 1635 898 året
1706 849 2140 904 hållit
2210 856 2356 908 12
2424 864 3005 915 ordinari
3075 866 3440 919 möten

358 982 726 1038 vilka
798 993 1164 1041 under
1235 993 1748 1043 senaste
1819 998 2404 1049 halvåret
2475 1005 2841 1057 varit
2913 1012 3352 1063 ganska

308 1123 836 1175 talrikt
911 1128 1438 1180 besökta
1513 1135 1964 1189 kanske
2040 1141 2341 1189 mest
2416 1143 3019 1200 beroende
3090 1145 3243 1194 på

296 1276 1144 1329 arbetgivarnes
1207 1282 2766 1344 lönenedpressningsförsök.
2827 1296 3154 1347 Trots
3218 1296 3543 1343 möte-

273 1428 480 1482 nas
548 1424 1031 1475 talrika
1094 1425 1446 1475 besök
1511 1428 1720 1475 har
1788 1428 2685 1489 diskusionerna
2754 1443 3098 1490 varit
3167 1441 3585 1490 ganska

254 1566 608 1619 svaga
677 1570 1099 1619 varför
1167 1569 1801 1626 styrelsen
1871 1582 2433 1631 uppmanar
2503 1586 2784 1633 alla
2853 1583 3135 1630 medl
3205 1581 3418 1629 att

261 1715 544 1765 mera
615 1717 1179 1763 mangrant
1249 1717 1955 1768 diskuterar
2024 1720 2307 1772 alla
2377 1726 2942 1777 upptagna
3012 1722 3436 1778 frågor

286 1858 698 1907 kanske
766 1862 1040 1909 medl
1109 1861 1314 1909 har
1382 1861 1725 1909 svårt
1793 1863 1999 1910 atl
2066 1864 2410 1914 yttra
2477 1870 2752 1924 sig,
2818 1877 2888 1925 i
2956 1876 3095 1923 så
3160 1868 3445 1947 fall

255 1998 541 2047 vore
610 2005 752 2053 en
822 2005 1105 2052 kurs
1173 2005 1245 2055 i
1314 2006 2092 2056 mötesledare
2162 2009 2374 2056 och
2444 2010 3151 2060 talarkonst
3220 2008 3437 2064 atl

215 2132 1154 2197 rekommendera,
1225 2154 1442 2201 för
1514 2153 1731 2202 oss
1802 2154 2669 2208 allesammans.

265 2290 1408 2350 Medlemsnumeråren
1479 2290 1694 2337 var
1765 2293 1979 2341 vid
2050 2294 2408 2343 årets
2479 2292 2908 2342 början
2977 2293 3121 2343 28
3192 2287 3484 2337 helb

303 2437 378 2483 1
450 2435 891 2487 halvb,
964 2440 1185 2488 men
1256 2434 1478 2484 har
1550 2437 1918 2489 under
1989 2442 2285 2491 året
2358 2439 2652 2485 ökat
2725 2441 2945 2489 med
3018 2440 3165 2488 13
3238 2434 3385 2483 st

303 2568 369 2619 4
432 2576 690 2623 medl
754 2575 947 2623 har
1011 2573 1590 2624 utflyttat
1653 2577 1975 2629 vilka
2039 2580 2554 2627 tillhört
2618 2580 2811 2632 avd
2874 2586 2941 2632 i
3003 2583 3326 2635 många
3388 2584 3519 2631 år

264 2720 477 2768 Avd
547 2717 970 2767 består
1039 2716 1253 2769 vid
1320 2725 1954 2775 årskiftet
2023 2724 2166 2776 av
2235 2726 2377 2776 39
2446 2730 2730 2778 medl
2798 2734 2939 2782 en
3009 2732 3432 2782 ganska

264 2859 747 2907 kraflig
816 2859 1232 2906 ökning
1294 2861 1784 2918 alltså.

269 2997 696 3049 Enligt
767 2998 1261 3050 senaste
1330 3003 1753 3053 månads
1823 3005 2318 3056 rapport
2385 3005 2598 3058 äro
2668 3006 2809 3054 11
2879 3009 3162 3057 medl
3230 3006 3373 3054 på

193 3142 468 3193 rest
535 3144 672 3198 en
739 3149 943 3199 del
1011 3148 1215 3200 för
1283 3149 1827 3200 Nov.-Dec
1894 3152 2166 3199 samt
2234 3152 2371 3199 en
2437 3150 2642 3197 del
2709 3150 2914 3201 för
2982 3156 3392 3206 endast

131 3295 321 3342 Det
384 3295 764 3343 månad.
827 3295 891 3341 1
954 3296 1207 3342 medl
1270 3294 1397 3340 år
1460 3291 2158 3346 sjukskriven
2220 3303 2473 3349 samt
2536 3301 2600 3347 2
2663 3297 2790 3346 st
2852 3293 3488 3343 arbetslösa

177 3438 567 3494 varför
630 3438 1215 3490 avdkassan
1279 3443 1539 3490 måst
1602 3440 2252 3488 tillskjuta
2316 3444 2641 3490 medel
2705 3440 2965 3489 till
3029 3439 3550 3493 tidnings

143 3582 950 3638 prenumeration
1011 3584 1198 3635 för
1258 3586 1631 3638 dessa.

271 3727 858 3778 Agitation
922 3734 1118 3781 har
1182 3727 1769 3782 bedrivits
1832 3724 2418 3778 intensivt
2483 3723 2613 3769 av
2678 3724 3133 3777 Avdmedl
3195 3721 3588 3777 varför

228 3880 614 3928 varför
678 3880 871 3928 det
932 3877 1064 3926 ej
1128 3878 1257 3925 är
1321 3873 1643 3922 mångå
1707 3873 2544 3925 oorganiserade
2606 3869 3123 3920 arbetare
3186 3868 3511 3925 utom,

203 4025 407 4079 men
472 4024 805 4075 någon
871 4020 1203 4071 krets
1269 4015 1868 4065 agitation
1933 4019 2133 4066 har
2199 4022 2332 4068 ej
2397 4014 3063 4068 förekommit
3128 4017 3396 4067 inom

224 4168 983 4218 avdelningens
1045 4170 1490 4219 område.
1551 4162 2059 4213 Istället
2121 4166 2312 4213 har
2374 4162 3071 4210 distriktets
3133 4158 3642 4216 agitator

71 4186 156 4239 U.-

59 4254 281 4308 Fristiug

254 4303 685 4359 besökt
756 4306 1186 4359 gårdar
1257 4306 1543 4353 sunt
1614 4305 1758 4356 om
1829 4308 1900 4354 i
1969 4306 2329 4359 orten
2400 4308 2615 4355 med
2686 4305 3115 4355 ganska
3186 4302 3474 4352 goda

169 4458 768 4510 resultat.

247 4608 1054 4668 Avdelningen
1126 4604 1347 4653 har
1420 4606 1787 4655 under
1859 4603 2446 4654 sommaren
2518 4598 2812 4645 haft
2884 4596 3031 4646 en
3103 4596 3398 4644 fäst

246 4769 320 4815 i
393 4753 909 4813 Turulid
981 4745 1794 4798 uteslutande
1863 4751 2088 4799 för
2161 4748 2383 4800 att
2455 4743 2898 4794 stärka
2971 4743 3421 4797 kassan

183 4906 385 4955 men
448 4902 849 4953 fästen
913 4897 1713 4949 misslyckades
1777 4901 1911 4949 på
1967 4899 2309 4945 grund
2375 4898 2509 4945 av
2569 4890 3105 4946 fåtåligt
3168 4881 3570 4937 besita

191 5044 603 5098 varför
671 5049 809 5100 en
876 5044 1360 5096 förlust
1426 5048 1564 5094 på
1630 5044 1701 5091 7
1769 5044 1906 5092 kr
1974 5040 2455 5087 uppslod

341 5201 477 5251 Då
543 5198 809 5247 inga
875 5195 1208 5243 ellra
1273 5193 1873 5242 inkomster
1939 5188 2138 5237 kan
2204 5182 2870 5233 uppbringas
2931 5181 3135 5229 för
3200 5175 3610 5227 kassan

306 5341 726 5398 minskar
784 5340 1323 5388 kapitalet
1383 5336 2041 5389 supphörligt
2099 5339 2219 5386 på
2278 5334 2577 5385 grund
2636 5328 2757 5378 av
2815 5325 2995 5374 att
3052 5316 3652 5372 utgittenna

243 5489 887 5545 översliger
949 5482 1725 5534 inkomsterna,
1788 5479 2175 5530 varför
2239 5480 2369 5528 en
2432 5474 3077 5523 reducering
3140 5472 3271 5519 av
