3563 4516
213 267 581 316 efter
653 271 875 320 sig
946 275 1169 324 som
1240 277 1464 327 han
1529 285 1682 334 få
1753 285 2267 340 iinliga
2339 280 2855 339 följder
2926 281 3148 345 för

222 413 486 462 vårt
547 404 1009 462 förbund
1073 420 1270 470 och
1334 427 1531 475 vår
1596 428 2449 482 organisaskan.
2506 429 2842 485 Bista
2903 408 3297 486 sättet

196 553 406 600 att
474 549 827 604 hedra
861 560 1102 605 vår
1171 561 1871 619 bortgangna
1941 572 2431 623 ledares
2500 573 2852 624 minne
2920 583 3060 630 är
3128 562 3340 628 att

217 693 496 744 alla
561 703 1390 757 lantarbetare
1459 711 1529 756 i
1597 711 1874 760 hela
1942 712 2496 765 Uppland-
2534 718 3115 769 Södestöm

208 844 433 892 stå
507 838 880 889 varkt
953 842 1104 889 om
1176 847 1401 899 sin
1473 852 2368 908 organisaskan
2440 865 2591 912 då
2662 864 3036 916 först
3108 862 3337 921 kan

200 975 1545 1042 upplands-förbundet
1619 993 1846 1045 bli
1918 1003 2143 1051 vad
2217 1001 2441 1049 dit
2516 1004 2666 1051 är
2740 1004 3114 1052 ämnat
3188 993 3415 1055 att

220 1125 424 1174 bli
491 1126 695 1174 ett
761 1132 1369 1183 verklickt
1435 1136 1707 1189 stöd
1772 1143 1976 1191 för
2039 1144 2988 1202 Lantarbetaren.

1323 1843 2136 1908 Beraharflander

1384 1976 2097 2046 Sekreterare

1034 1414 1471 1466 Grillby
1533 1421 1783 1472 gård
1845 1423 2033 1470 den
2095 1421 2161 1468 9
2220 1428 2658 1480 Januari
2718 1432 3032 1483 1999.

351 1872 535 1924 KF
625 1857 1079 1916 Malin

337 1986 861 2046 Kassör

2441 1863 2775 1921 Eenrik
2829 1837 3381 1905 Pettersson

2517 2007 2796 2059 Orf
