2893 3620
204 221 357 269 vid
407 224 459 269 2
509 225 814 275 gårdar
865 227 1068 274 inom
1118 227 1323 275 avd.
1373 230 1781 280 nämligar
1831 236 2187 283 Båddärö
2238 239 2391 286 och
2441 242 2803 298 Grillby

193 357 535 412 gårdar,
570 362 827 411 vilka
876 361 1169 411 gårdar
1217 364 1560 413 således
1608 366 1706 412 ej
1755 366 2147 414 berördes
2194 371 2292 418 av
2341 373 2731 423 strejken

192 488 496 537 vidare
545 493 797 538 blevo
848 493 949 540 en
998 496 1150 542 del
1200 497 1603 546 kamrater
1653 500 1905 548 vilka
1955 501 2360 550 innehade
2407 506 2710 558 tjänst

191 627 288 673 på
335 629 769 676 smågårdar
817 630 1154 679 Efriade
1201 633 1394 682 från
1442 636 1876 685 strejken,
1923 640 2020 687 då
2067 638 2164 684 vi
2211 636 2312 683 ej
2356 643 2549 695 hade
2596 651 2840 704 någon

180 765 458 816 reviny
504 766 595 811 av
641 765 779 812 att
823 763 962 811 dra
1007 764 1237 810 dessa
1283 765 1422 811 med
1461 766 1512 813 å
1557 767 1924 814 striden.
1970 769 2109 819 För
2152 776 2428 825 övrigt
2473 777 2750 832 fördes

192 891 562 944 striden
610 898 666 946 i
718 897 1033 945 början
1085 896 1243 944 med
1294 895 1505 947 stor
1557 901 2082 956 entrssasm.
2134 911 2291 957 men
2343 907 2609 955 snart

209 1014 551 1080 började
599 1035 696 1081 en
745 1034 891 1080 del
939 1033 1427 1080 klintrogna
1475 1032 1865 1085 kamrater
1914 1041 2158 1089 vakla
2190 1044 2352 1089 och
2400 1043 2693 1090 slutet

209 1159 410 1209 blev
459 1165 610 1213 att
660 1165 1064 1212 samtliga
1111 1167 1514 1217 kamrater
1562 1170 1966 1221 återgick
2013 1173 2216 1223 till
2265 1174 2626 1222 arbetet

185 1293 237 1339 4
287 1295 544 1345 dagar
595 1300 852 1346 innan
903 1301 1313 1350 strejken
1363 1302 1877 1355 avblästes.
1927 1306 2339 1355 strejken
2389 1310 2595 1359 hade
2645 1314 2752 1370 di

196 1434 476 1484 pågått
522 1433 569 1479 i
614 1432 708 1478 19
753 1434 1032 1488 dagar.
1075 1441 1215 1490 Den
1261 1439 1586 1487 började
1631 1443 1723 1489 d.
1767 1437 1863 1489 14
1908 1439 2093 1489 Juli
2139 1444 2278 1489 och
2324 1436 2787 1489 avslutades

213 1569 313 1617 d.
359 1569 462 1618 10
510 1571 711 1620 Aug.
756 1571 1254 1624 Resultatit
1304 1570 1502 1618 blev
1551 1569 1652 1615 20
1700 1571 1850 1620 kr.
1899 1570 2396 1624 förhöjning
2444 1580 2544 1627 på
2591 1576 2742 1624 den

179 1698 652 1748 konitanta
703 1701 1020 1752 lönen.
1072 1706 1282 1751 Avd.
1335 1706 1545 1756 fick
1597 1707 1809 1753 från
1860 1710 2175 1761 festen
2198 1710 2279 1755 i
2331 1700 2647 1753 Sundby

171 1834 484 1884 motaga
535 1835 848 1884 139:46
899 1836 1161 1883 vilka
1211 1840 1471 1886 medel
1521 1837 2096 1889 utbetalades
2146 1845 2199 1891 i
2250 1837 2823 1892 strejkunder

157 1967 397 2017 stöd.
442 1970 729 2018 vidare
776 1970 1300 2018 utbetalades
1345 1975 1536 2021 från
1583 1974 1774 2022 avd.
1820 1977 2059 2024 kessa
2105 1979 2346 2027 57.50

163 2103 385 2153 Avd.
441 2106 608 2154 har
662 2106 941 2155 under
997 2107 1220 2154 året
1275 2109 1497 2157 haft
1550 2108 1719 2157 ett
1775 2107 2053 2154 besök
2102 2106 2218 2153 av
2274 2100 2777 2152 ombudsman

164 2231 454 2278 vilken
498 2235 597 2284 då
645 2240 838 2286 höll
884 2235 1320 2287 föredrag.
1367 2243 1608 2289 Under
1656 2242 1848 2288 året
1896 2242 2042 2290 her
2089 2245 2186 2291 en
2232 2242 2571 2291 kreftig

170 2367 634 2416 agitation
686 2369 1150 2417 bedrivits
1201 2371 1410 2418 inon
1449 2374 1665 2424 avd.
1716 2379 1871 2426 men
1922 2378 2129 2424 annu
2179 2374 2490 2427 finnas
2541 2379 2799 2428 minga

187 2493 890 2552 oorganiserade
944 2507 1377 2555 kamrater
1429 2505 1593 2551 som
1647 2505 1755 2551 vi
1809 2506 2026 2558 dock
2078 2510 2404 2559 hoppas
2458 2506 2620 2555 med

228 2628 498 2683 tiden
546 2636 660 2685 få
711 2643 873 2691 med
925 2643 980 2689 i
1033 2641 1734 2697 organiationen

795 2762 1017 2815 Lökt
1070 2766 1239 2815 dem
1291 2765 1407 2815 10
1458 2772 1625 2823 Jan
1678 2769 1904 2824 1926

1541 2898 1647 2947 A.
1698 2904 2124 2953 Karlsson

613 2907 826 2957 K.S.
878 2903 1093 2956 Hahn

1585 3034 1877 3084 Rasör

634 3042 901 3092 Ordf.
