3614 4627
924 338 1556 396 Styrelsens
1619 344 2447 412 Årsberättelse

141 495 339 549 för
403 499 1383 550 verksamhetsåret
1448 502 1645 550 den
1710 506 1907 558 1/1
1971 515 2234 562 1930
2296 522 2363 573 -

2398 523 2605 581 1/2
2660 514 3016 569 1930.

96 651 790 705 Avdelningen
853 657 1042 702 har
1105 657 1420 704 under
1483 660 1735 710 året
1793 656 2179 708 hållit
2237 669 2365 720 10
2427 677 2994 725 ordinarie
3056 665 3372 721 möten

76 814 401 864 vilka
465 814 725 863 alla
788 817 1113 870 varit
1176 816 1502 866 klent
1565 822 2086 874 besökta,
2148 832 2537 880 varför
2601 835 3446 893 diskusionerna

82 973 219 1021 ej
285 966 694 1021 blivit
759 974 896 1024 så
962 967 1642 1028 omfattande
1706 981 1913 1031 och
1966 982 2657 1031 intessanta
2722 982 2928 1031 som
2994 976 3537 1033 önskvard

73 1131 394 1179 vore.
458 1131 907 1181 Arbetet
970 1131 1228 1179 inom
1291 1135 1548 1182 avd.
1612 1136 1804 1182 har
1868 1136 2318 1187 hållits
2380 1141 2637 1195 uppe
2701 1141 2831 1188 av
2893 1145 3086 1193 den
3149 1141 3472 1194 lilla

85 1287 637 1344 kämhupp
711 1301 949 1350 som
1025 1298 1106 1344 i
1183 1293 1577 1346 regel
1655 1291 2126 1341 besöka
2205 1292 2519 1349 alla
2597 1305 3068 1355 möten,
3145 1304 3385 1356 men

84 1446 229 1499 av
300 1445 515 1494 kan
586 1446 1016 1497 lyckas
1087 1445 1302 1494 att
1373 1450 1659 1502 vårt
1729 1454 2161 1503 arbete
2231 1452 2661 1503 skulle
2727 1455 3090 1512 bliva
3159 1457 3519 1514 mång-

81 1604 667 1657 dubbelt
745 1611 1832 1662 inkrossantare
1914 1618 2164 1666 och
2247 1612 3080 1666 tacksamman
3163 1615 3331 1667 om

90 1767 410 1820 alla
488 1767 1201 1818 medlemmar
1280 1769 1755 1823 gjorde
1834 1773 2072 1822 sin
2150 1767 2547 1818 plikt
2625 1765 2863 1817 och
2942 1768 3511 1836 besökta

69 1923 393 1971 avd.
473 1916 959 1969 möten,
1038 1924 1281 1972 Det
1361 1926 1523 1973 är
1604 1924 1927 1973 inte
2007 1921 2815 1976 huvudsaken
2894 1933 3138 1984 att
3216 1931 3540 1993 bara

71 2075 567 2134 betala
645 2077 891 2128 sin
968 2082 1707 2133 kontigent
1786 2079 2116 2133 utan
2194 2085 2442 2138 man
2521 2089 2767 2139 bör
2848 2087 3422 2149 deltaga

104 2241 363 2302 som
448 2242 962 2291 aktivr
1046 2246 1560 2299 medlem
1643 2244 1902 2298 och
1986 2242 2500 2292 arbeta
2584 2244 2756 2294 på
2840 2232 3526 2294 lantarb-

63 2399 974 2455 elareklassen
1047 2406 1653 2466 lyftning
1728 2404 2032 2454 från
2107 2403 2793 2460 sältlöner
2862 2420 2940 2469 i
3013 2405 3321 2460 usla

83 2562 716 2615 bostäder
795 2563 1112 2615 till
1190 2567 1586 2616 samma
1664 2564 1981 2617 nivå
2052 2563 2297 2615 som
2374 2561 2613 2608 vår
2690 2559 3561 2615 klassbroder

98 2718 1411 2777 induskrarbetaren.
1483 2702 2720 2772 Medlemsnumeraren
2796 2725 3028 2776 har
3105 2723 3491 2773 under

94 2889 236 2936 år
303 2873 731 2933 hållit
800 2872 1013 2931 sig
1083 2879 1720 2932 konstant.
1790 2882 2074 2932 Våra
2144 2882 2713 2930 kamrater
2775 2875 3064 2934 från
3134 2872 3559 2934 Långar

85 3023 160 3081 o
226 3041 454 3087 har
527 3043 971 3090 ingått
1042 3038 1120 3089 i
1191 3032 2007 3086 avdelningen
2079 3034 2450 3090 under
2523 3036 2895 3102 året.

232 3206 540 3275 Avd.
614 3203 839 3250 har
912 3192 1290 3248 under
1363 3197 1963 3245 summaren
2025 3181 2489 3239 hållit
2561 3193 2712 3242 en
2785 3198 3085 3252 fest

131 3350 712 3404 löndagen
784 3355 1003 3403 och
1071 3351 1652 3407 sindagen
1724 3351 1942 3397 den
2014 3352 2159 3399 17
2230 3355 2448 3403 -18
2520 3353 2737 3403 maj
2808 3343 3026 3395 som
3098 3321 3533 3388 lämnat

91 3508 302 3560 ett
367 3506 846 3560 kontant
914 3506 1531 3555 överskott
1597 3504 1735 3556 av
1803 3507 1941 3554 kr
2008 3502 2420 3558 65:50.
2486 3512 2761 3561 Fast
2829 3508 3315 3559 avhölls

88 3672 161 3723 å
231 3669 806 3721 kretsens
876 3670 1522 3719 festplats
1593 3673 1665 3719 i
1736 3655 2238 3719 Furulid
2303 3644 2950 3720 Veckholm.

251 3826 839 3877 Aglation
910 3823 1132 3873 har
1203 3824 1350 3889 ej
1422 3835 1570 3887 av
1643 3830 1864 3877 avd
1935 3826 2450 3875 enskilt
2517 3818 2671 3868 ej
2740 3818 3409 3873 bedrivits

85 3995 404 4043 utan
483 3995 723 4042 har
800 3977 2076 4038 kretsagitationen
2156 3970 2713 4022 arbetat
2792 3971 3112 4020 inom
3191 3968 3430 4015 avd

78 4145 1433 4207 verksamhetsområdi
1512 4146 1751 4196 när
1830 4144 1990 4192 så
2067 4139 2229 4187 av
2298 4130 2625 4185 avd.
2704 4120 3341 4182 önskats.

134 4292 372 4352 Avd
450 4304 689 4355 har
766 4292 1163 4345 under
1241 4288 1560 4342 året
1636 4293 1955 4345 haft
2032 4297 2429 4349 besök
2507 4291 2666 4337 av
2744 4286 3457 4339 Ombudsman
