3427 4433
592 1141 1305 1194 Årsberetelse
1364 1145 1542 1194 för
1595 1140 1778 1192 avd
1837 1140 1956 1186 16
2015 1142 2252 1192 Göth
2309 1138 2904 1189 verksamhet
2962 1135 3265 1193 under

822 1434 1005 1486 Avd
1063 1431 1241 1485 har
1299 1428 1596 1478 under
1653 1427 1891 1478 året
1950 1424 2424 1473 avhållit
2482 1427 2601 1474 12
2658 1427 3201 1489 ordinarie

297 1566 470 1613 och
526 1566 703 1614 ett
758 1571 1048 1620 extra
1105 1573 1394 1624 möte,
1447 1574 1624 1625 som
1681 1575 1857 1621 har
1912 1575 2201 1629 varit
2257 1568 2663 1618 besökta
2720 1570 2836 1617 av
2894 1572 3010 1617 10
3066 1565 3302 1616 till

180 1705 316 1752 20
371 1715 1044 1776 medlemmar,
1106 1719 1243 1774 så
1309 1710 2176 1764 diskutionerna
2241 1706 2441 1755 har
2508 1710 2841 1758 varit
2906 1704 3307 1756 mindre

185 1851 667 1911 tivliga,
725 1860 907 1909 som
966 1866 1446 1915 strörsta
1501 1855 2343 1912 diskutionsämne
2400 1850 2583 1908 har
2642 1848 2942 1896 varit
3001 1845 3304 1904 under

253 2001 479 2049 året
535 1998 1151 2052 folkets-hus
1206 2009 1599 2058 frågon.
1651 2000 1821 2049 Avd
1877 1997 2046 2045 har
2101 1998 2549 2047 bedrivit
2604 1992 3109 2044 agitabion
3164 1989 3390 2044 rätt

121 2139 249 2184 så
310 2140 826 2195 livligt,
888 2144 1018 2195 så
1081 2141 1212 2195 10
1273 2152 1467 2199 nya
1530 2149 2108 2201 medlemmar
2169 2139 2366 2189 har
2427 2146 2749 2194 under
2810 2143 3070 2198 året

132 2284 676 2335 inröstats
734 2287 797 2335 i
857 2286 1099 2335 avd.
1159 2290 2066 2337 Medlemmsnumeret
2126 2291 2307 2340 var
2367 2289 2550 2338 vid
2607 2281 2911 2337 årets
2971 2280 3336 2330 början

92 2416 263 2469 38.
315 2425 484 2472 och
538 2425 706 2476 vid
761 2430 1040 2479 årets
1096 2424 1319 2475 slut
1374 2423 1542 2471 41.
1597 2420 1764 2468 Avd
1820 2421 1988 2469 har
2042 2426 2266 2475 haft
2321 2419 2600 2475 besök
2654 2416 2767 2466 av
2822 2412 3379 2479 Destriktes

124 2571 630 2624 ombudsman
686 2568 911 2621 Hugo
967 2564 1586 2619 Stridsberg,
1642 2571 1811 2618 men
1867 2572 2092 2621 inte
2147 2561 2373 2615 till
2428 2561 2710 2611 något
2766 2562 3276 2615 resultat.

118 2711 242 2766 Då
303 2723 489 2768 det
551 2719 861 2768 varit
923 2718 1233 2766 lungt
1293 2712 1481 2760 vid
1542 2712 2039 2763 gårdarna
2099 2709 2348 2756 inom
2410 2709 2596 2755 avd
2658 2709 2782 2756 16
2840 2703 3403 2754 arbetsom-

101 2859 396 2910 råde,
452 2857 632 2910 kan
690 2860 866 2909 man
925 2862 1220 2911 säga,
1278 2853 1453 2914 att
1512 2853 1806 2902 detta
1865 2853 1983 2901 är
2040 2842 2336 2896 varit
2394 2842 2571 2892 ett
2629 2846 2924 2903 lungt
2982 2854 3100 2902 år
3154 2847 3336 2900 för

118 2996 304 3047 avd
363 3003 549 3054 16.
605 2994 1039 3048 Studjje
1100 2993 1531 3046 arbetet
1592 2992 1839 3039 inom
1899 2991 2084 3041 avd
2145 2988 2330 3037 kan
2391 2991 2579 3037 man
2635 2990 2883 3043 inte
2944 2988 3257 3050 säga.

94 3149 411 3201 något
471 3143 666 3192 om,
726 3145 854 3193 då
913 3141 1107 3191 avd
1169 3141 1613 3191 inköpte
1675 3137 2118 3185 kursen,
2181 3136 2751 3183 talarkurs
2814 3136 3006 3185 som
3066 3133 3320 3192 ämne

140 3301 450 3348 förra
508 3289 820 3342 året,
881 3288 1068 3335 men
1128 3286 1376 3336 inte
1437 3283 1809 3331 kommit
1869 3282 2180 3334 igång
2240 3277 2550 3332 ännu.
2609 3273 2797 3326 Avd
2858 3270 3044 3317 har
3105 3262 3354 3316 haft

158 3426 282 3479 en
340 3433 771 3485 boklåda
830 3429 1015 3481 som
1075 3427 1382 3473 varit
1442 3429 1871 3483 uppsatt
1929 3424 2115 3474 vid
2175 3421 2421 3475 Fänö
2479 3414 2665 3463 ert
2725 3413 3031 3462 sedan
3088 3415 3277 3462 vid

135 3573 491 3621 Högby,
550 3574 729 3621 som
788 3575 1026 3621 rätt
1085 3575 1204 3622 så
1261 3563 1679 3620 livligt
1738 3564 1977 3613 läst
2035 3567 2214 3616 ur.
2272 3561 2511 3613 Även
2566 3559 2628 3609 i
2687 3564 2806 3610 år
2865 3562 3044 3611 var
3101 3561 3284 3613 avd

104 3723 823 3776 repeusenterad
875 3717 1044 3769 vid
1095 3709 1704 3758 destriktets
1758 3705 2421 3755 årskonferens
2475 3706 2533 3752 i
2586 3702 2973 3756 Uppsala
3026 3697 3195 3751 den

155 3861 281 3910 25
341 3860 648 3910 mars,
707 3853 894 3902 med
954 3856 1139 3904 ett
1200 3855 1568 3914 ombud.
1625 3861 1692 3914 1
1751 3853 1935 3900 maj
1997 3845 2795 3903 demonstration
2853 3837 3041 3886 var
3100 3842 3225 3889 av

119 4011 527 4058 kretsen
584 4009 1052 4059 anordnad
1107 4002 1284 4054 vid
1342 3993 1866 4051 Weckholm,
1924 3991 2101 4045 som
2156 3996 2332 4049 avd
2387 3982 2682 4038 måtte
2738 3988 2914 4035 upp
2970 3974 3205 4032 rätt
3261 3969 3386 4018 så

159 4151 738 4204 mangrent.
801 4147 996 4194 Man
1059 4151 1253 4197 får
1314 4144 1573 4198 inte
1633 4130 2215 4189 förglömma
2277 4130 2729 4179 hambrat
2791 4122 3050 4172 möte
3113 4120 3178 4167 i

309 1286 447 1336 år
508 1285 854 1344 1934.
