3510 4497
580 1005 911 1072 Avd.
990 1010 1236 1067 har
1317 1020 1726 1072 under
1806 1011 2134 1062 året
2215 1009 3361 1065 representerats

450 1172 589 1222 på
656 1163 1417 1214 distriktets
1483 1162 2310 1215 årskonferens
2378 1164 2654 1214 samt
2721 1162 3274 1212 bostads-

432 1307 1147 1359 konferens
1224 1306 1622 1355 25-26
1701 1304 2020 1357 mars
2094 1307 2412 1364 samt
2491 1300 3284 1353 avtalskon-

434 1446 950 1498 ferens
1035 1449 1122 1497 i
1204 1449 1635 1504 juli,
1719 1441 2239 1502 månad.
2311 1453 2744 1518 Under
2811 1440 3172 1497 året

446 1591 725 1639 har
818 1588 1189 1640 inga
1272 1586 1931 1643 tvister
2019 1586 2948 1644 förekommit
3040 1577 3319 1632 som

435 1728 1008 1784 fordrat
1082 1731 1896 1784 styrelsens
1977 1729 2867 1783 ingripande.
2946 1726 3275 1781 Avd.

429 1879 986 1929 numerär
1059 1881 1299 1935 har
1345 1881 1535 1927 ej
1613 1876 2407 1932 förändrats
2483 1875 2882 1928 under
2954 1864 3276 1926 året

420 2020 1000 2075 medlems
1079 2015 1663 2072 avtalet
1732 2020 1905 2076 är
1987 2020 2235 2073 47,
2317 2013 2896 2066 däremot
2977 2008 3241 2062 har

414 2162 1483 2216 omslättningen
1563 2162 1973 2221 genom
2053 2165 2956 2218 flyttningar
3037 2144 3447 2209 varit

402 2308 1357 2360 synnerligha
1441 2308 1877 2360 stor.

790 2461 962 2515 Då
1046 2455 1219 2503 vi
1303 2455 1475 2505 nu
1559 2451 1817 2503 vid
1898 2436 2758 2496 årsskiftet
2841 2432 3358 2500 ställa

407 2597 749 2650 våra
829 2595 1422 2655 platser
1500 2585 1847 2639 till

1860 2593 2457 2661 mötetes
2540 2585 3387 2640 förfogande

440 2743 754 2800 sker
828 2742 1063 2793 det
1139 2738 1372 2791 med
1449 2734 1682 2781 ett
1752 2728 2068 2787 tack
2145 2731 2378 2782 för
2455 2729 2766 2777 dett
2843 2727 3387 2783 förtro-

1826 2797 1845 2843 +

474 2886 815 2935 ende
895 2886 1066 2938 vi
1149 2884 1907 2935 åtnjutit,
1988 2867 2327 2926 samt
2406 2867 2580 2922 de
2659 2883 2744 2930 å
2827 2875 3250 2925 önska

458 3027 695 3085 vi

715 3032 970 3086 den
1053 3022 1724 3079 blivande
1806 3015 2561 3068 styrelsen
2644 3014 2896 3070 god
2978 3011 3399 3071 fram-

461 3174 779 3225 gång
857 3179 937 3225 i
1015 3164 1331 3221 sitt
1403 3164 1882 3215 arbete
1958 3156 2198 3213 för
2276 3153 2592 3205 avd.
2669 3154 3149 3209 bästa.

1839 3302 2333 3355 Grillby
2403 3301 2615 3351 den
2679 3305 2966 3356 10-1
3037 3304 3320 3353 1944

488 3893 893 3948 Okar
993 3893 1196 3942 E.
1295 3854 1902 3939 strand
