2834 3599
118 233 343 289 för
395 229 933 286 Bäddari
1003 242 1153 291 M.
1225 240 1598 290 Telin
1667 235 2187 295 Grillby
2255 237 2553 295 gård

121 384 254 447 E.
314 376 948 431 Pettersson
1011 379 1266 431 Till
1326 387 1519 435 att
1578 390 2084 441 referera
2146 380 2653 435 årsmötet

86 512 540 570 valdes
614 517 764 566 K.
829 515 1212 569 Molin

40 638 159 697 6)
212 634 795 691 Styrelsens
851 645 1602 698 årsberättelse
1659 643 1832 694 för
1890 649 2006 697 år
2063 645 2294 696 1926

127 775 746 827 upplästes
811 778 950 827 av
1019 781 1362 831 Ordf.
1430 782 1636 829 ock
1704 782 1911 828 var
1979 784 2185 831 den
2253 776 2391 828 av

134 910 648 963 följande
710 905 1159 959 lydelse

105 1043 945 1101 Årsberättelse
1009 1042 1204 1092 för
1266 1039 1397 1096 år
1460 1051 1719 1102 1926
1782 1040 1977 1094 för
2041 1038 2237 1089 avd
2299 1047 2429 1095 No
2493 1046 2624 1094 16

171 1180 474 1231 Lökt
544 1177 700 1227 av
774 1180 1241 1231 U.L.F.

116 1308 381 1365 Avd.
444 1311 641 1359 har
705 1311 1032 1360 under
1095 1310 1358 1361 året
1422 1306 1815 1356 hållit
1878 1302 2077 1353 nio
2139 1298 2730 1354 ordinarie

114 1445 488 1502 möten
555 1443 1604 1500 Medlamsantalet
1679 1442 1902 1489 var
1977 1443 2201 1489 vid
2275 1436 2650 1487 årets

143 1580 627 1632 börjar
706 1577 867 1626 22
947 1573 1588 1629 godkända
1668 1577 2389 1633 medlemmar

145 1717 350 1765 och
417 1716 623 1765 vid
690 1709 1033 1758 årets
1100 1708 1373 1757 slut
1440 1707 1646 1759 26.
1714 1708 2193 1761 Kassans

158 1845 840 1896 behållning
905 1840 1113 1887 var
1179 1842 1384 1890 vid
1451 1836 1793 1887 årets
1860 1831 2269 1886 början
2332 1829 2681 1898 32.96

184 1979 402 2030 och
464 1980 686 2031 vid
757 1979 1044 2026 dess
1113 1978 1401 2026 slut
1466 1972 1897 2025 145.07
1961 1966 2398 2019 Tärför

188 2115 475 2164 avd.
546 2118 761 2164 har
828 2114 1262 2163 insatt
1319 2112 1405 2160 å
1472 2105 1763 2157 bank
1833 2108 2048 2158 125
2117 2105 2336 2156 kr.

151 2248 436 2295 Avd.
507 2248 720 2294 har
790 2244 1145 2296 under
1215 2238 1499 2289 året
1569 2236 1995 2285 hållit
2066 2238 2280 2284 ett

165 2379 921 2431 krettsmöte.
989 2370 1264 2424 Avd.
1332 2368 1539 2421 har
1607 2371 1950 2420 under
2018 2363 2294 2420 året
2355 2360 2636 2411 icke

137 2516 443 2563 haft
514 2512 898 2565 några
972 2507 1202 2557 som
1277 2506 1658 2555 hålst
1733 2502 2341 2554 strider,
2416 2496 2722 2548 utan

165 2652 312 2700 en
385 2647 972 2702 Gridfull
1044 2637 1705 2690 arbetsro.
1776 2638 2071 2690 Avd.
2142 2638 2437 2687 fick

122 2783 430 2831 från
505 2780 966 2834 Jesten
1042 2776 1119 2822 i
1196 2774 1656 2825 Sundby
1731 2764 2194 2822 motaga
2239 2764 2651 2819 97.66

1998 2882 2699 2945 Cankkonto

104 2911 526 2960 vilket
596 2911 1088 2964 hjälpte
1153 2905 1439 2959 avd.
1508 2903 1720 2953 att
1786 2895 1929 2954 f.

92 3041 338 3095 Avd
419 3038 665 3088 har
743 3042 1151 3095 under
1230 3035 1556 3086 året
1636 3033 1962 3081 haft
2042 3028 2287 3079 ett
2368 3023 2779 3092 besök

117 3177 312 3229 av
407 3169 1570 3233 Ombudsmannen
1663 3160 2247 3214 vilken
2341 3158 2546 3215 då

93 3308 384 3359 höll
452 3312 669 3362 ett
710 3299 1386 3351 politiskt
1453 3292 2033 3343 föredrag
