3415 4451
408 703 812 773 Uppsala
867 723 1042 771 den
1087 723 1156 771 2
1214 724 1502 773 sept.
1560 724 1733 772 som
1790 721 1906 767 vi
1963 720 2194 772 fick
2252 727 2657 781 närvara
2710 730 2829 783 på
2884 726 3059 777 som
3116 727 3289 778 vor

228 854 405 907 ett
457 863 855 916 gediget
910 869 1307 918 kambrat
1363 864 1590 912 möte
1647 867 1705 913 i
1760 871 1987 918 rätt
2043 869 2327 926 stil.
2382 871 2724 922 Widare
2773 862 2948 910 har
3005 864 3175 910 avd

141 996 359 1044 haft
413 994 526 1043 en
576 1004 793 1050 fäst
847 1003 902 1049 i
956 1003 1284 1056 Frulid
1337 1013 1501 1060 för
1555 1010 2045 1060 stärkande
2097 1013 2207 1061 av
2262 1013 2426 1060 avd
2479 1012 2915 1062 ekonomi,
2967 1006 3301 1057 vilket

158 1142 216 1189 i
271 1141 555 1190 någon
610 1139 781 1190 mån
836 1135 1347 1193 lyckades.
1402 1149 1515 1196 En
1571 1148 2194 1197 familjefist
2247 1141 2534 1195 hölls
2588 1145 2760 1195 den
2815 1152 3157 1204 första

98 1276 525 1332 söndagen
578 1286 634 1333 i
684 1292 898 1339 Juli
950 1290 1111 1336 för
1164 1289 1379 1336 avds
1431 1293 1966 1340 medlemmars
2015 1296 2497 1349 familjer,
2546 1289 2870 1344 vilken
2922 1290 3084 1337 var
3136 1292 3297 1339 bra

118 1426 451 1475 besökt
506 1426 673 1473 och
729 1424 840 1472 de
893 1427 1450 1478 närvarande
1504 1430 1894 1479 trivdes
1949 1430 2283 1478 mycket
2338 1431 2616 1480 gott.
2669 1431 3060 1485 Ketsens

112 1569 286 1617 års
341 1566 572 1617 möte
626 1564 1202 1617 anordnades
1257 1572 1373 1619 av
1429 1573 1602 1620 avd
1658 1573 1716 1621 i
1773 1569 2174 1621 Gvillly
2230 1565 3149 1631 Godtemplartskal,

87 1703 451 1761 varmed
510 1703 995 1762 kretsens
1054 1704 1599 1759 medlemmar
1658 1701 1961 1749 mötte
2021 1702 2203 1754 öpp
2263 1707 2505 1756 rätt
2565 1711 2686 1756 så
2745 1705 3239 1766 talrikt,

123 1858 301 1910 och
359 1856 537 1905 ett
596 1855 950 1905 mycket
1007 1849 1425 1902 girande
1477 1855 1717 1908 möte
1775 1858 2134 1917 hölls.

657 2148 770 2197 Då
826 2146 1332 2197 styrelsen
1384 2143 1499 2195 nu
1547 2140 1947 2192 ställer
2000 2147 2226 2195 sina
2281 2144 2675 2193 platser
2729 2134 2957 2187 till
3007 2132 3292 2185 mötet

601 2286 1143 2340 förfögande
1172 2288 1408 2341 vill
1461 2287 1569 2335 vi
1623 2284 2054 2334 uttrycka
2106 2283 2270 2332 vår
2323 2284 2862 2338 tacksamhet
2915 2285 3078 2333 för
3130 2280 3294 2329 det

573 2427 929 2485 gångna
987 2436 1284 2490 året,
1342 2429 1520 2475 och
1577 2425 1758 2473 det
1816 2429 2054 2479 goda
2111 2426 2705 2480 sammarbete
2764 2426 2942 2475 som
3001 2422 3298 2472 varit

471 2573 868 2630 rådande
925 2573 1211 2622 under
1264 2576 1492 2626 året
1549 2575 1719 2622 och
1775 2567 2287 2619 tillönska
2341 2567 2457 2617 vi
2513 2564 2741 2615 avd,
2797 2569 2967 2616 all
3022 2565 3312 2623 lycka

443 2716 596 2763 och
646 2716 850 2768 fram
900 2723 1104 2770 gång
1152 2719 1206 2767 i
1256 2719 1459 2767 sitt
1509 2718 1967 2768 fortsatta
2016 2708 2324 2760 arbete
2371 2712 2525 2762 för
2576 2708 2831 2762 allas
2881 2706 3085 2755 vårt
3123 2707 3388 2756 arbee

434 3307 531 3359 1

605 3305 1085 3361 Eryström

621 3427 1027 3485 Kassör.

588 3725 700 3777 A

721 3731 1309 3795 Lundin

590 3852 790 3912 Vise
819 3863 1077 3918 ordf.

1547 3712 1914 3768 Sunnar
1971 3701 2528 3762 Johansson

1606 3850 2194 3900 Sekreterare.

2496 3983 2730 4032 Wase
2775 3990 3074 4041 Sekr.

1595 2982 2018 3034 Grillby
2077 2984 2320 3037 gård
2380 2993 2562 3040 den
2619 2977 2865 3040 20/1
2920 2985 3233 3054 1934.

2150 3130 2731 3183 Styrelsen.

2278 3290 2612 3341 Enrik
2677 3286 3278 3344 Petterson

2494 3420 2741 3471 ordf.
