3641 5765
179 404 741 455 styrelse
810 406 1020 454 och
1088 398 2208 453 uppbördsarvodena
2264 409 2416 454 är
2486 407 3189 470 nödvändig.

447 544 888 595 Vidare
958 545 1181 597 har
1253 552 1473 599 Avd
1545 550 1912 599 stått
1985 549 2206 598 som
2278 555 2791 604 arangör
2862 554 3084 606 för
3156 552 3378 600 ett

256 684 838 736 kretsmöte
898 697 963 742 i
1026 693 1542 741 Furulid,
1602 688 1991 740 varvid
2055 688 2378 740 kaffe
2441 689 3345 743 tillhandahölls

246 831 386 885 av
453 828 1275 886 Avdelningen,
1343 841 1480 887 då
1548 836 2096 888 ålerigen
2164 844 2301 891 en
2369 838 2849 889 förlust
2917 837 3396 886 uppstod

199 973 463 1024 Lööt
526 979 723 1027 avd
788 977 1119 1027 lycks
1178 984 1314 1033 ej
1378 980 1640 1033 vara
1705 978 2034 1027 någon
2098 983 2492 1031 smnart
2557 971 3608 1030 affärsverksamhet

175 1130 307 1177 Då
373 1125 1232 1174 Arbetsgivarna
1298 1122 1628 1170 under
1692 1117 2223 1168 sommaren
2288 1124 2751 1174 uppsagt
2816 1124 3081 1173 vårt
3147 1122 3478 1171 avtal

193 1266 392 1313 och
458 1265 790 1318 inget
855 1268 1121 1316 nytt
1187 1269 1320 1315 är
1385 1264 1916 1313 uppgjort
1982 1263 2182 1312 stå
2246 1268 2380 1315 vi
2446 1270 2711 1317 ännu
2777 1270 2910 1318 så
2975 1264 3242 1315 seut

164 1417 370 1465 som
436 1413 641 1461 vid
708 1406 1318 1461 årskiftet
1386 1409 1658 1456 utan
1725 1408 2134 1459 avtal,
2199 1417 2403 1465 men
2471 1420 2607 1466 få
2674 1419 2810 1465 vi
2878 1414 3292 1468 hoppas

166 1556 370 1609 att
436 1555 637 1603 vid
703 1554 1705 1603 underhandlingar
1772 1556 1972 1605 den
2039 1557 2106 1603 3
2172 1556 2373 1609 Jan
2439 1560 2907 1610 enighet
2974 1556 3374 1611 uppnås

139 1706 535 1755 d.v.s.
600 1703 799 1750 att
864 1704 1128 1750 vårt
1193 1701 1524 1749 förut
1590 1699 2119 1748 gällande
2183 1701 2514 1752 avtal
2579 1702 3243 1766 godkännes.

173 1850 1066 1921 Arbetsgivarna
1133 1846 1270 1894 ha
1338 1845 1475 1892 de
1542 1848 1611 1894 2
1678 1843 2155 1896 senaste
2222 1846 2835 1894 månaderna
2903 1843 3175 1893 till
3243 1838 3583 1889 ämpal

210 1991 1262 2046 medlingsförslaget
1324 1990 1447 2036 av
1509 1990 1694 2037 den
1755 1988 1879 2035 14
1936 1985 2186 2036 okt,
2246 1992 2371 2039 så
2432 1990 2618 2037 att
2679 1993 2803 2039 vi
2863 1987 3111 2036 över
3172 1980 3358 2032 Jul

230 2136 505 2187 fått
570 2136 986 2187 dragas
1054 2138 1261 2186 med
1329 2136 1878 2187 minskade
1946 2131 2565 2181 inkomster
2632 2130 3046 2182 vilket
3112 2135 3390 2186 till

203 2264 337 2322 en
402 2279 601 2328 del
665 2279 932 2328 lagt
998 2279 1396 2326 beslag
1461 2276 1859 2327 sordin
1925 2277 2190 2326 över
2256 2276 2985 2324 Julglädjen,
3051 2280 3249 2325 Men
3315 2278 3448 2325 få

241 2426 376 2472 vi
444 2422 850 2470 hoppas
918 2424 1121 2469 att
1168 2425 1324 2470 år
1391 2424 1662 2472 1933
1727 2420 2135 2474 medför
2201 2416 2541 2469 ökade
2608 2417 3218 2467 inkomster
3282 2415 3490 2466 och

215 2573 1035 2621 förbättringar
1096 2573 1286 2622 för
1348 2568 1538 2616 oss
1600 2567 2104 2618 Lantarb.
2167 2563 2293 2609 Då
2355 2564 2545 2615 det
2606 2565 2733 2611 är
2796 2562 3174 2612 första
3236 2559 3489 2608 året

153 2714 439 2766 rena
510 2717 1010 2767 Lantarb
1080 2715 1296 2763 äro
1366 2710 1868 2760 invalda
1938 2713 2010 2759 i
2079 2702 2724 2754 riksdagen
2794 2704 3224 2754 ställa
3281 2705 3438 2751 vi

162 2858 1050 2908 förhoppningar
1116 2860 1254 2910 på
1322 2859 1731 2908 dessa,
1799 2855 2073 2905 samt
2140 2852 2209 2899 i
2276 2848 2687 2897 övrigt
2754 2848 3027 2898 vårt
3095 2848 3438 2903 parti

180 3002 398 3048 och
471 3002 835 3051 önska
907 3005 1126 3052 dem
1193 2999 1780 3053 framgång
1852 2997 1926 3044 i
1997 2990 2363 3040 deras
2433 2990 2871 3040 arbete

298 3148 571 3214 Till
636 3144 907 3193 sist
972 3146 1106 3194 få
1171 3137 1307 3190 vi
1373 3134 1775 3184 hoppas
1841 3134 2043 3183 att
2108 3130 2711 3178 böndernas
2778 3130 3381 3182 inbillade

309 3286 1333 3339 depressionstid
1406 3285 1773 3333 måtte
1845 3281 2285 3331 avlyna
2327 3283 2575 3328 och
2647 3277 2795 3325 då
2868 3274 3161 3322 bort
3233 3269 3600 3319 under

310 3431 660 3489 året

396 3573 552 3625 De
630 3579 1175 3630 ärenden
1252 3580 1486 3629 som
1562 3572 2264 3627 styrelsen
2341 3573 2498 3621 ha
2571 3567 3041 3622 blivit
3117 3557 3586 3611 ålagdt

246 3715 447 3773 har
510 3729 578 3776 i
643 3724 976 3772 bästa
1041 3718 1704 3773 möjligaste
1770 3720 1969 3766 mån
2035 3709 2499 3767 försökt
2564 3708 2764 3758 att
2828 3701 3493 3760 fullgjöras

296 3865 520 3921 och
573 3872 737 3924 få
810 3874 957 3919 vi
1028 3871 1177 3919 nu
1249 3865 1616 3917 önska
1687 3863 1909 3912 Avd
1982 3855 2129 3906 16
2202 3850 2496 3900 Lööl
2568 3848 2789 3896 och
2861 3847 3378 3901 Svenska

200 4011 1777 4071 Lantarbetareförbundet
1851 4006 2076 4055 ett
2121 3999 2448 4048 gott
2522 3995 2822 4043 nytt
2897 3996 3130 4055 år.

909 4298 1408 4357 Grillby
1473 4302 1687 4353 den
1752 4298 1827 4351 1
1897 4296 2109 4344 Jan
2178 4281 2461 4336 1933

942 4440 1016 4496 0

741 4600 823 4652 Å
901 4597 1136 4644 Avd
1213 4589 1370 4640 16
1447 4585 1838 4633 Lööts
1916 4587 2388 4640 vägnar

1478 4881 1901 4932 kassör

1170 5036 1525 5093 Hugo.
1590 5030 2230 5090 Lindgren.

191 5335 467 5387 vise
535 5333 811 5386 ordf

216 5502 451 5550 Ejnar
497 5501 1021 5565 Pettersson.

231 4887 539 4941 ordf.

61 5053 396 5100 Eeruk.
449 5037 841 5099 Alander

216 4564 552 4623 71:18

178 4298 647 4361 /56278

414 4425 600 4475 560

2594 4865 3005 4925 sekr.

2618 5005 2889 5069 U.R.
2943 5020 3295 5072 Heknr

2519 5307 2796 5356 vise
2863 5310 3210 5367 sekr.

1623 85 1674 132 19
